<?xml version="1.0" encoding="UTF-8"?>
<!-- Output by mxutil library Jorge Luiz Andrade #0906139 -->
<marc:collection xmlns:marc="http://www.loc.gov/MARC21/slim" xmlns:xsi="http://www.w3.org/2001/XMLSchema-instance"
xsi:schemaLocation="http://www.loc.gov/MARC21/slim
http://www.loc.gov/standards/marcxml/schema/MARC21slim.xsd">
	<marc:record>
		<marc:leader>00972nam a2200241 a 4500</marc:leader>
		<marc:controlfield tag="008">090629s2004    orua   d      000 c eng d</marc:controlfield>
		<marc:datafield tag="020" ind1=" " ind2=" ">
			<marc:subfield code="a">9781932664089</marc:subfield>
		</marc:datafield>
		<marc:datafield tag="040" ind1=" " ind2=" ">
			<marc:subfield code="a">GP4</marc:subfield>
			<marc:subfield code="c">GP4</marc:subfield>
			<marc:subfield code="d">OCLCQ</marc:subfield>
			<marc:subfield code="d">JQF</marc:subfield>
			<marc:subfield code="d">CaNSH</marc:subfield>
			<marc:subfield code="d">CaOL</marc:subfield>
		</marc:datafield>
		<marc:datafield tag="050" ind1=" " ind2=" ">
			<marc:subfield code="a">YGN_OMA 43508</marc:subfield>
		</marc:datafield>
		<marc:datafield tag="100" ind1="1" ind2=" ">
			<marc:subfield code="a">O&apos;Malley, Bryan Lee.</marc:subfield>
			<marc:subfield code="9">14030</marc:subfield>
		</marc:datafield>
		<marc:datafield tag="245" ind1="1" ind2="0">
			<marc:subfield code="a">Scott Pilgrim&apos;s precious little life /</marc:subfield>
			<marc:subfield code="c">[Bryan Lee O&apos;Malley]</marc:subfield>
		</marc:datafield>
		<marc:datafield tag="246" ind1="3" ind2="0">
			<marc:subfield code="a">Precious little life.</marc:subfield>
		</marc:datafield>
		<marc:datafield tag="246" ind1="3" ind2="3">
			<marc:subfield code="a">Scott Pilgrim.</marc:subfield>
			<marc:subfield code="n">Vol. 1.</marc:subfield>
		</marc:datafield>
		<marc:datafield tag="260" ind1=" " ind2=" ">
			<marc:subfield code="a">Portland, OR :</marc:subfield>
			<marc:subfield code="b">Oni Press,</marc:subfield>
			<marc:subfield code="c">c2004.</marc:subfield>
		</marc:datafield>
		<marc:datafield tag="300" ind1=" " ind2=" ">
			<marc:subfield code="a">1 v. (unpaged) :</marc:subfield>
			<marc:subfield code="b">ill. ;</marc:subfield>
			<marc:subfield code="c">19 cm.</marc:subfield>
		</marc:datafield>
		<marc:datafield tag="500" ind1=" " ind2=" ">
			<marc:subfield code="a">Statement of responsibility from cover.</marc:subfield>
		</marc:datafield>
		<marc:datafield tag="650" ind1=" " ind2="0">
			<marc:subfield code="a">Pilgrim, Scott (Fictitious character)</marc:subfield>
			<marc:subfield code="v">Fiction.</marc:subfield>
			<marc:subfield code="9">14031</marc:subfield>
		</marc:datafield>
		<marc:datafield tag="650" ind1=" " ind2="0">
			<marc:subfield code="a">Teenagers</marc:subfield>
			<marc:subfield code="v">Fiction.</marc:subfield>
			<marc:subfield code="9">14032</marc:subfield>
		</marc:datafield>
		<marc:datafield tag="650" ind1=" " ind2="0">
			<marc:subfield code="a">High school students</marc:subfield>
			<marc:subfield code="v">Fiction.</marc:subfield>
			<marc:subfield code="9">14033</marc:subfield>
		</marc:datafield>
		<marc:datafield tag="650" ind1=" " ind2="1">
			<marc:subfield code="a">Coming of age</marc:subfield>
			<marc:subfield code="v">Fiction.</marc:subfield>
			<marc:subfield code="9">14034</marc:subfield>
		</marc:datafield>
		<marc:datafield tag="655" ind1=" " ind2="0">
			<marc:subfield code="a">Graphic novels.</marc:subfield>
			<marc:subfield code="9">14035</marc:subfield>
		</marc:datafield>
		<marc:datafield tag="942" ind1=" " ind2=" ">
			<marc:subfield code="2">ddc</marc:subfield>
			<marc:subfield code="c">6</marc:subfield>
		</marc:datafield>
		<marc:datafield tag="999" ind1=" " ind2=" ">
			<marc:subfield code="c">34581</marc:subfield>
			<marc:subfield code="d">34581</marc:subfield>
		</marc:datafield>
		<marc:datafield tag="952" ind1=" " ind2=" ">
			<marc:subfield code="w">2011-03-01</marc:subfield>
			<marc:subfield code="p">32107000500186</marc:subfield>
			<marc:subfield code="r">2011-08-17</marc:subfield>
			<marc:subfield code="4">0</marc:subfield>
			<marc:subfield code="e">Donation</marc:subfield>
			<marc:subfield code="0">0</marc:subfield>
			<marc:subfield code="6">YGN_OMA</marc:subfield>
			<marc:subfield code="9">43508</marc:subfield>
			<marc:subfield code="b">DUR</marc:subfield>
			<marc:subfield code="1">0</marc:subfield>
			<marc:subfield code="o">YGN OMA</marc:subfield>
			<marc:subfield code="d">2011-03-01</marc:subfield>
			<marc:subfield code="7">0</marc:subfield>
			<marc:subfield code="c">Shelves</marc:subfield>
			<marc:subfield code="y">98</marc:subfield>
			<marc:subfield code="s">2011-08-16</marc:subfield>
			<marc:subfield code="l">2</marc:subfield>
			<marc:subfield code="a">DUR</marc:subfield>
		</marc:datafield>
	</marc:record>