
	<marc:record>
		<marc:leader>00996nam a2200253 a 4500</marc:leader>
		<marc:controlfield tag="008">090603s2007    oru    d      000 1 eng d</marc:controlfield>
		<marc:datafield tag="020" ind1=" " ind2=" ">
			<marc:subfield code="a">9781932664492 (pbk.)</marc:subfield>
		</marc:datafield>
		<marc:datafield tag="020" ind1=" " ind2=" ">
			<marc:subfield code="a">1932664491 (pbk.)</marc:subfield>
		</marc:datafield>
		<marc:datafield tag="040" ind1=" " ind2=" ">
			<marc:subfield code="a">UKM</marc:subfield>
			<marc:subfield code="c">UKM</marc:subfield>
			<marc:subfield code="d">BTCTA</marc:subfield>
			<marc:subfield code="d">BAKER</marc:subfield>
			<marc:subfield code="d">DPL</marc:subfield>
			<marc:subfield code="d">CaOL</marc:subfield>
			<marc:subfield code="b">eng</marc:subfield>
		</marc:datafield>
		<marc:datafield tag="050" ind1=" " ind2=" ">
			<marc:subfield code="a">YGN_OMA 43511</marc:subfield>
		</marc:datafield>
		<marc:datafield tag="100" ind1="1" ind2=" ">
			<marc:subfield code="a">O&apos;Malley, Bryan Lee.</marc:subfield>
			<marc:subfield code="9">14051</marc:subfield>
		</marc:datafield>
		<marc:datafield tag="245" ind1="1" ind2="0">
			<marc:subfield code="a">Scott Pilgrim gets it together</marc:subfield>
			<marc:subfield code="c">[Bryan Lee O&apos;Malley].</marc:subfield>
		</marc:datafield>
		<marc:datafield tag="246" ind1="3" ind2="0">
			<marc:subfield code="a">Gets it together.</marc:subfield>
		</marc:datafield>
		<marc:datafield tag="246" ind1="3" ind2="3">
			<marc:subfield code="a">Scott Pilgrim.</marc:subfield>
			<marc:subfield code="n">Vol. 4.</marc:subfield>
		</marc:datafield>
		<marc:datafield tag="260" ind1=" " ind2=" ">
			<marc:subfield code="a">Portland, Or. :</marc:subfield>
			<marc:subfield code="b">Oni ;</marc:subfield>
			<marc:subfield code="c">2007.</marc:subfield>
		</marc:datafield>
		<marc:datafield tag="300" ind1=" " ind2=" ">
			<marc:subfield code="a">205 p. :</marc:subfield>
			<marc:subfield code="b">chiefly ill. ;</marc:subfield>
			<marc:subfield code="c">19 cm.</marc:subfield>
		</marc:datafield>
		<marc:datafield tag="650" ind1=" " ind2="0">
			<marc:subfield code="a">Pilgrim, Scott (Fictitious character)</marc:subfield>
			<marc:subfield code="v">Fiction.</marc:subfield>
			<marc:subfield code="9">14052</marc:subfield>
		</marc:datafield>
		<marc:datafield tag="650" ind1=" " ind2="0">
			<marc:subfield code="a">Teenagers</marc:subfield>
			<marc:subfield code="v">Fiction.</marc:subfield>
			<marc:subfield code="9">14053</marc:subfield>
		</marc:datafield>
		<marc:datafield tag="650" ind1=" " ind2="1">
			<marc:subfield code="a">Coming of age</marc:subfield>
			<marc:subfield code="v">Fiction.</marc:subfield>
			<marc:subfield code="9">14054</marc:subfield>
		</marc:datafield>
		<marc:datafield tag="650" ind1=" " ind2="0">
			<marc:subfield code="a">Interpersonal relations</marc:subfield>
			<marc:subfield code="v">Fiction.</marc:subfield>
			<marc:subfield code="9">14055</marc:subfield>
		</marc:datafield>
		<marc:datafield tag="655" ind1=" " ind2="7">
			<marc:subfield code="a">Love stories.</marc:subfield>
			<marc:subfield code="2">gsafd.</marc:subfield>
			<marc:subfield code="9">14056</marc:subfield>
		</marc:datafield>
		<marc:datafield tag="655" ind1=" " ind2="0">
			<marc:subfield code="a">Graphic novels.</marc:subfield>
			<marc:subfield code="9">14057</marc:subfield>
		</marc:datafield>
		<marc:datafield tag="942" ind1=" " ind2=" ">
			<marc:subfield code="2">ddc</marc:subfield>
			<marc:subfield code="c">6</marc:subfield>
		</marc:datafield>
		<marc:datafield tag="999" ind1=" " ind2=" ">
			<marc:subfield code="c">34584</marc:subfield>
			<marc:subfield code="d">34584</marc:subfield>
		</marc:datafield>
		<marc:datafield tag="952" ind1=" " ind2=" ">
			<marc:subfield code="w">2011-03-01</marc:subfield>
			<marc:subfield code="p">32107000500210</marc:subfield>
			<marc:subfield code="r">2011-08-24</marc:subfield>
			<marc:subfield code="4">0</marc:subfield>
			<marc:subfield code="e">Donation</marc:subfield>
			<marc:subfield code="0">0</marc:subfield>
			<marc:subfield code="6">YGN_OMA 43511</marc:subfield>
			<marc:subfield code="b">DUR</marc:subfield>
			<marc:subfield code="1">0</marc:subfield>
			<marc:subfield code="o">YGN OMA</marc:subfield>
			<marc:subfield code="d">2011-03-01</marc:subfield>
			<marc:subfield code="7">0</marc:subfield>
			<marc:subfield code="c">Shelves</marc:subfield>
			<marc:subfield code="y">98</marc:subfield>
			<marc:subfield code="s">2011-08-17</marc:subfield>
			<marc:subfield code="l">2</marc:subfield>
			<marc:subfield code="a">DUR</marc:subfield>
		</marc:datafield>
	</marc:record>