
	<marc:record>
		<marc:leader>00818cam a2200205Ia 4500</marc:leader>
		<marc:controlfield tag="008">090603s2009    oru    d      000 1 eng d</marc:controlfield>
		<marc:datafield tag="020" ind1=" " ind2=" ">
			<marc:subfield code="a">9781934964101 (pbk.)</marc:subfield>
		</marc:datafield>
		<marc:datafield tag="040" ind1=" " ind2=" ">
			<marc:subfield code="a">BTCTA</marc:subfield>
			<marc:subfield code="c">BTCTA</marc:subfield>
			<marc:subfield code="d">YDXCP</marc:subfield>
			<marc:subfield code="d">VA@</marc:subfield>
			<marc:subfield code="d">NDD</marc:subfield>
			<marc:subfield code="d">JRG</marc:subfield>
			<marc:subfield code="d">CaOL</marc:subfield>
			<marc:subfield code="b">eng</marc:subfield>
		</marc:datafield>
		<marc:datafield tag="050" ind1=" " ind2=" ">
			<marc:subfield code="a">YGN_OMA 43512</marc:subfield>
		</marc:datafield>
		<marc:datafield tag="100" ind1="1" ind2=" ">
			<marc:subfield code="a">O&apos;Malley, Bryan Lee.</marc:subfield>
			<marc:subfield code="9">14058</marc:subfield>
		</marc:datafield>
		<marc:datafield tag="245" ind1="1" ind2="0">
			<marc:subfield code="a">Scott Pilgrim vs the universe /</marc:subfield>
			<marc:subfield code="c">[Bryan Lee O&apos;Malley]</marc:subfield>
		</marc:datafield>
		<marc:datafield tag="246" ind1="3" ind2="3">
			<marc:subfield code="a">Scott Pilgrim versus the universe.</marc:subfield>
		</marc:datafield>
		<marc:datafield tag="246" ind1="3" ind2="3">
			<marc:subfield code="a">Scott Pilgrim.</marc:subfield>
			<marc:subfield code="n">Vol. 5.</marc:subfield>
		</marc:datafield>
		<marc:datafield tag="260" ind1=" " ind2=" ">
			<marc:subfield code="a">Portland, Or. :</marc:subfield>
			<marc:subfield code="b">Oni Press,</marc:subfield>
			<marc:subfield code="c">2009.</marc:subfield>
		</marc:datafield>
		<marc:datafield tag="300" ind1=" " ind2=" ">
			<marc:subfield code="a">178 p. :</marc:subfield>
			<marc:subfield code="b">chiefly ill. ;</marc:subfield>
			<marc:subfield code="c">19 cm.</marc:subfield>
		</marc:datafield>
		<marc:datafield tag="650" ind1=" " ind2="1">
			<marc:subfield code="a">Coming of age</marc:subfield>
			<marc:subfield code="v">Fiction.</marc:subfield>
			<marc:subfield code="9">14059</marc:subfield>
		</marc:datafield>
		<marc:datafield tag="655" ind1=" " ind2="7">
			<marc:subfield code="a">Love stories.</marc:subfield>
			<marc:subfield code="2">gsafd.</marc:subfield>
			<marc:subfield code="9">14060</marc:subfield>
		</marc:datafield>
		<marc:datafield tag="655" ind1=" " ind2="0">
			<marc:subfield code="a">Graphic novels.</marc:subfield>
			<marc:subfield code="9">14061</marc:subfield>
		</marc:datafield>
		<marc:datafield tag="942" ind1=" " ind2=" ">
			<marc:subfield code="2">ddc</marc:subfield>
			<marc:subfield code="c">6</marc:subfield>
		</marc:datafield>
		<marc:datafield tag="999" ind1=" " ind2=" ">
			<marc:subfield code="c">34585</marc:subfield>
			<marc:subfield code="d">34585</marc:subfield>
		</marc:datafield>
		<marc:datafield tag="952" ind1=" " ind2=" ">
			<marc:subfield code="w">2011-03-01</marc:subfield>
			<marc:subfield code="p">32107000500228</marc:subfield>
			<marc:subfield code="r">2011-08-24</marc:subfield>
			<marc:subfield code="4">0</marc:subfield>
			<marc:subfield code="e">Donation</marc:subfield>
			<marc:subfield code="0">0</marc:subfield>
			<marc:subfield code="6">YGN_OMA 43512</marc:subfield>
			<marc:subfield code="b">DUR</marc:subfield>
			<marc:subfield code="1">0</marc:subfield>
			<marc:subfield code="o">YGN OMA</marc:subfield>
			<marc:subfield code="d">2011-03-01</marc:subfield>
			<marc:subfield code="7">0</marc:subfield>
			<marc:subfield code="c">Shelves</marc:subfield>
			<marc:subfield code="y">98</marc:subfield>
			<marc:subfield code="s">2011-08-23</marc:subfield>
			<marc:subfield code="l">2</marc:subfield>
			<marc:subfield code="a">DUR</marc:subfield>
		</marc:datafield>
	</marc:record>