
	<marc:record>
		<marc:leader>00889 am a2200229Ia 4500</marc:leader>
		<marc:controlfield tag="008">101110s2010    orua   d      000 1 eng d</marc:controlfield>
		<marc:datafield tag="020" ind1=" " ind2=" ">
			<marc:subfield code="a">9781934964385</marc:subfield>
		</marc:datafield>
		<marc:datafield tag="040" ind1=" " ind2=" ">
			<marc:subfield code="a">BTCTA</marc:subfield>
			<marc:subfield code="b">eng</marc:subfield>
			<marc:subfield code="c">BTCTA</marc:subfield>
			<marc:subfield code="d">GK8</marc:subfield>
			<marc:subfield code="d">WIQ</marc:subfield>
			<marc:subfield code="d">CXP</marc:subfield>
			<marc:subfield code="d">CDX</marc:subfield>
			<marc:subfield code="d">YDXCP</marc:subfield>
			<marc:subfield code="d">CaOL</marc:subfield>
		</marc:datafield>
		<marc:datafield tag="050" ind1=" " ind2=" ">
			<marc:subfield code="a">YGN 43513</marc:subfield>
		</marc:datafield>
		<marc:datafield tag="100" ind1="1" ind2=" ">
			<marc:subfield code="a">O&apos;Malley, Bryan Lee.</marc:subfield>
			<marc:subfield code="9">14062</marc:subfield>
		</marc:datafield>
		<marc:datafield tag="245" ind1="1" ind2="0">
			<marc:subfield code="a">Scott Pilgrim in his finest hour /</marc:subfield>
			<marc:subfield code="c">[Bryan Lee O&apos;Malley].</marc:subfield>
		</marc:datafield>
		<marc:datafield tag="246" ind1="1" ind2="4">
			<marc:subfield code="a">Scott Pilgrim&apos;s finest hour.</marc:subfield>
		</marc:datafield>
		<marc:datafield tag="246" ind1="3" ind2="3">
			<marc:subfield code="a">Scott Pilgrim.</marc:subfield>
			<marc:subfield code="n">Vol. 6.</marc:subfield>
		</marc:datafield>
		<marc:datafield tag="250" ind1=" " ind2=" ">
			<marc:subfield code="a">1st ed.</marc:subfield>
		</marc:datafield>
		<marc:datafield tag="260" ind1=" " ind2=" ">
			<marc:subfield code="a">Portland, OR :</marc:subfield>
			<marc:subfield code="b">Oni Press,</marc:subfield>
			<marc:subfield code="c">2010.</marc:subfield>
		</marc:datafield>
		<marc:datafield tag="300" ind1=" " ind2=" ">
			<marc:subfield code="a">234 p. :</marc:subfield>
			<marc:subfield code="b">chiefly ill. ;</marc:subfield>
			<marc:subfield code="c">19 cm.</marc:subfield>
		</marc:datafield>
		<marc:datafield tag="650" ind1=" " ind2="0">
			<marc:subfield code="a">Rock groups</marc:subfield>
			<marc:subfield code="v">Fiction.</marc:subfield>
			<marc:subfield code="9">14063</marc:subfield>
		</marc:datafield>
		<marc:datafield tag="651" ind1=" " ind2="0">
			<marc:subfield code="a">Toronto (Ont.)</marc:subfield>
			<marc:subfield code="v">Fiction.</marc:subfield>
			<marc:subfield code="9">14064</marc:subfield>
		</marc:datafield>
		<marc:datafield tag="655" ind1=" " ind2="7">
			<marc:subfield code="a">Graphic books</marc:subfield>
			<marc:subfield code="2">LPL.</marc:subfield>
			<marc:subfield code="9">14065</marc:subfield>
		</marc:datafield>
		<marc:datafield tag="655" ind1=" " ind2="7">
			<marc:subfield code="a">Science fiction</marc:subfield>
			<marc:subfield code="2">gsafd.</marc:subfield>
			<marc:subfield code="9">14066</marc:subfield>
		</marc:datafield>
		<marc:datafield tag="942" ind1=" " ind2=" ">
			<marc:subfield code="2">ddc</marc:subfield>
			<marc:subfield code="c">6</marc:subfield>
		</marc:datafield>
		<marc:datafield tag="999" ind1=" " ind2=" ">
			<marc:subfield code="c">34586</marc:subfield>
			<marc:subfield code="d">34586</marc:subfield>
		</marc:datafield>
		<marc:datafield tag="952" ind1=" " ind2=" ">
			<marc:subfield code="w">2011-03-01</marc:subfield>
			<marc:subfield code="p">32107000500236</marc:subfield>
			<marc:subfield code="r">2011-10-19</marc:subfield>
			<marc:subfield code="4">0</marc:subfield>
			<marc:subfield code="e">Donation</marc:subfield>
			<marc:subfield code="0">0</marc:subfield>
			<marc:subfield code="6">YGN_OMA 43513</marc:subfield>
			<marc:subfield code="b">DUR</marc:subfield>
			<marc:subfield code="1">0</marc:subfield>
			<marc:subfield code="o">YGN OMA</marc:subfield>
			<marc:subfield code="d">2011-03-01</marc:subfield>
			<marc:subfield code="7">0</marc:subfield>
			<marc:subfield code="c">Shelves</marc:subfield>
			<marc:subfield code="y">98</marc:subfield>
			<marc:subfield code="s">2011-07-07</marc:subfield>
			<marc:subfield code="l">1</marc:subfield>
			<marc:subfield code="a">DUR</marc:subfield>
		</marc:datafield>
	</marc:record>