
	<marc:record>
		<marc:leader>01308cam a2200337 a 4500</marc:leader>
		<marc:controlfield tag="001">28113</marc:controlfield>
		<marc:controlfield tag="005">20071204163041.0</marc:controlfield>
		<marc:controlfield tag="007">ta</marc:controlfield>
		<marc:controlfield tag="008">011219s1994    nyua          000 1 eng  </marc:controlfield>
		<marc:datafield tag="010" ind1=" " ind2=" ">
			<marc:subfield code="a">93086736</marc:subfield>
		</marc:datafield>
		<marc:datafield tag="020" ind1=" " ind2=" ">
			<marc:subfield code="a">0895775824</marc:subfield>
		</marc:datafield>
		<marc:datafield tag="040" ind1=" " ind2=" ">
			<marc:subfield code="a">(BRO)</marc:subfield>
		</marc:datafield>
		<marc:datafield tag="050" ind1="0" ind2="0">
			<marc:subfield code="a">PR 4034</marc:subfield>
			<marc:subfield code="b">.E5 1994</marc:subfield>
		</marc:datafield>
		<marc:datafield tag="082" ind1="0" ind2="0">
			<marc:subfield code="a">823/.7</marc:subfield>
			<marc:subfield code="2">20</marc:subfield>
		</marc:datafield>
		<marc:datafield tag="100" ind1="1" ind2=" ">
			<marc:subfield code="a">Austen, Jane.</marc:subfield>
		</marc:datafield>
		<marc:datafield tag="245" ind1="1" ind2="0">
			<marc:subfield code="a">Emma [classic]</marc:subfield>
			<marc:subfield code="c">Jane Austen ; illustrations by C.E. Brock and Joan Hassall ; afterword by Carroll Moulton.</marc:subfield>
		</marc:datafield>
		<marc:datafield tag="250" ind1=" " ind2=" ">
			<marc:subfield code="a">Reader&apos;s Digest ed.</marc:subfield>
		</marc:datafield>
		<marc:datafield tag="260" ind1=" " ind2=" ">
			<marc:subfield code="a">Pleasantville, N.Y. :</marc:subfield>
			<marc:subfield code="b">Reader&apos;s Digest Assoc.,</marc:subfield>
			<marc:subfield code="c">c1994.</marc:subfield>
		</marc:datafield>
		<marc:datafield tag="300" ind1=" " ind2=" ">
			<marc:subfield code="a">391 p. :</marc:subfield>
			<marc:subfield code="b">col. ill. ;</marc:subfield>
			<marc:subfield code="c">24 cm.</marc:subfield>
		</marc:datafield>
		<marc:datafield tag="490" ind1="0" ind2=" ">
			<marc:subfield code="a">World&apos;s best reading.</marc:subfield>
		</marc:datafield>
		<marc:datafield tag="520" ind1=" " ind2=" ">
			<marc:subfield code="a">Located in classic section.</marc:subfield>
		</marc:datafield>
		<marc:datafield tag="650" ind1=" " ind2="0">
			<marc:subfield code="a">Young women</marc:subfield>
			<marc:subfield code="z">England</marc:subfield>
			<marc:subfield code="x">Fiction.</marc:subfield>
		</marc:datafield>
		<marc:datafield tag="651" ind1=" " ind2="0">
			<marc:subfield code="a">England</marc:subfield>
			<marc:subfield code="x">Social life and customs</marc:subfield>
			<marc:subfield code="y">19th century</marc:subfield>
			<marc:subfield code="x">Fiction.</marc:subfield>
		</marc:datafield>
		<marc:datafield tag="700" ind1="1" ind2="0">
			<marc:subfield code="a">Parrish, Stephen Maxfield.</marc:subfield>
		</marc:datafield>
		<marc:datafield tag="852" ind1=" " ind2=" ">
			<marc:subfield code="c">DURHAM</marc:subfield>
			<marc:subfield code="h">Fic</marc:subfield>
			<marc:subfield code="i">Auste</marc:subfield>
			<marc:subfield code="p">28113</marc:subfield>
			<marc:subfield code="a"></marc:subfield>
		</marc:datafield>
		<marc:datafield tag="852" ind1=" " ind2=" ">
			<marc:subfield code="h">FIC Auste</marc:subfield>
			<marc:subfield code="p">201162</marc:subfield>
			<marc:subfield code="a"></marc:subfield>
			<marc:subfield code="c">Neustadt</marc:subfield>
		</marc:datafield>
		<marc:datafield tag="961" ind1="w" ind2="l">
			<marc:subfield code="t">2</marc:subfield>
		</marc:datafield>
		<marc:datafield tag="961" ind1="w" ind2="l">
			<marc:subfield code="t">202</marc:subfield>
		</marc:datafield>
		<marc:datafield tag="952" ind1=" " ind2=" ">
			<marc:subfield code="w">2009-10-26</marc:subfield>
			<marc:subfield code="p">32107000281134</marc:subfield>
			<marc:subfield code="v">0.00</marc:subfield>
			<marc:subfield code="r">2011-12-30</marc:subfield>
			<marc:subfield code="4">0</marc:subfield>
			<marc:subfield code="0">0</marc:subfield>
			<marc:subfield code="6">FIC_AUSTE</marc:subfield>
			<marc:subfield code="9">9405</marc:subfield>
			<marc:subfield code="b">DUR</marc:subfield>
			<marc:subfield code="1">0</marc:subfield>
			<marc:subfield code="o">Fic Auste</marc:subfield>
			<marc:subfield code="d">2001-12-19</marc:subfield>
			<marc:subfield code="7">0</marc:subfield>
			<marc:subfield code="c">Shelves</marc:subfield>
			<marc:subfield code="y">2</marc:subfield>
			<marc:subfield code="s">2011-12-14</marc:subfield>
			<marc:subfield code="l">28</marc:subfield>
			<marc:subfield code="a">DUR</marc:subfield>
		</marc:datafield>
		<marc:datafield tag="952" ind1=" " ind2=" ">
			<marc:subfield code="w">2009-10-26</marc:subfield>
			<marc:subfield code="p">35830002011624</marc:subfield>
			<marc:subfield code="v">0.00</marc:subfield>
			<marc:subfield code="r">2011-04-14</marc:subfield>
			<marc:subfield code="4">0</marc:subfield>
			<marc:subfield code="0">0</marc:subfield>
			<marc:subfield code="6">FIC_AUSTE</marc:subfield>
			<marc:subfield code="9">9406</marc:subfield>
			<marc:subfield code="b">NEU</marc:subfield>
			<marc:subfield code="m">2</marc:subfield>
			<marc:subfield code="1">0</marc:subfield>
			<marc:subfield code="o">FIC Auste</marc:subfield>
			<marc:subfield code="d">2004-06-05</marc:subfield>
			<marc:subfield code="q">2011-08-10</marc:subfield>
			<marc:subfield code="7">0</marc:subfield>
			<marc:subfield code="c">Shelves</marc:subfield>
			<marc:subfield code="y">202</marc:subfield>
			<marc:subfield code="s">2011-04-14</marc:subfield>
			<marc:subfield code="l">3</marc:subfield>
			<marc:subfield code="a">NEU</marc:subfield>
		</marc:datafield>
		<marc:datafield tag="999" ind1=" " ind2=" ">
			<marc:subfield code="c">8563</marc:subfield>
			<marc:subfield code="d">8563</marc:subfield>
		</marc:datafield>
	</marc:record>