
	<marc:record>
		<marc:leader>00610cam a2200181u  4500</marc:leader>
		<marc:controlfield tag="005">20071201193550.0</marc:controlfield>
		<marc:controlfield tag="007">ta</marc:controlfield>
		<marc:controlfield tag="008">030521|||||||||||||||||||||||||||||eng|u</marc:controlfield>
		<marc:datafield tag="020" ind1=" " ind2=" ">
			<marc:subfield code="a">019282761</marc:subfield>
		</marc:datafield>
		<marc:datafield tag="050" ind1="0" ind2="0">
			<marc:subfield code="a">PR 4090</marc:subfield>
			<marc:subfield code="b">.E5 1980</marc:subfield>
		</marc:datafield>
		<marc:datafield tag="100" ind1="1" ind2=" ">
			<marc:subfield code="a">Austen, Jane.</marc:subfield>
		</marc:datafield>
		<marc:datafield tag="245" ind1="1" ind2="0">
			<marc:subfield code="a">Sense and Sensibility [classics]</marc:subfield>
		</marc:datafield>
		<marc:datafield tag="260" ind1=" " ind2=" ">
			<marc:subfield code="a">New York, NY</marc:subfield>
			<marc:subfield code="b">Oxford University Press</marc:subfield>
			<marc:subfield code="c">1980</marc:subfield>
		</marc:datafield>
		<marc:datafield tag="300" ind1=" " ind2=" ">
			<marc:subfield code="a">343p</marc:subfield>
		</marc:datafield>
		<marc:datafield tag="520" ind1=" " ind2=" ">
			<marc:subfield code="a">classic section</marc:subfield>
		</marc:datafield>
		<marc:datafield tag="852" ind1=" " ind2=" ">
			<marc:subfield code="p">35525</marc:subfield>
			<marc:subfield code="h">PB FIC AUSTE</marc:subfield>
			<marc:subfield code="c">Durham</marc:subfield>
			<marc:subfield code="a"></marc:subfield>
		</marc:datafield>
		<marc:datafield tag="961" ind1="w" ind2="l">
			<marc:subfield code="t">76</marc:subfield>
		</marc:datafield>
		<marc:datafield tag="952" ind1=" " ind2=" ">
			<marc:subfield code="w">2009-10-26</marc:subfield>
			<marc:subfield code="p">32107000355250</marc:subfield>
			<marc:subfield code="v">0.00</marc:subfield>
			<marc:subfield code="r">2012-02-14</marc:subfield>
			<marc:subfield code="4">0</marc:subfield>
			<marc:subfield code="0">0</marc:subfield>
			<marc:subfield code="6">PB_FIC_AUSTE</marc:subfield>
			<marc:subfield code="9">19385</marc:subfield>
			<marc:subfield code="b">DUR</marc:subfield>
			<marc:subfield code="1">0</marc:subfield>
			<marc:subfield code="o">PB FIC AUSTE</marc:subfield>
			<marc:subfield code="d">2003-05-21</marc:subfield>
			<marc:subfield code="q">2012-03-06</marc:subfield>
			<marc:subfield code="7">0</marc:subfield>
			<marc:subfield code="c">Shelves</marc:subfield>
			<marc:subfield code="y">76</marc:subfield>
			<marc:subfield code="s">2012-02-14</marc:subfield>
			<marc:subfield code="l">17</marc:subfield>
			<marc:subfield code="a">DUR</marc:subfield>
		</marc:datafield>
		<marc:datafield tag="999" ind1=" " ind2=" ">
			<marc:subfield code="c">16587</marc:subfield>
			<marc:subfield code="d">16587</marc:subfield>
		</marc:datafield>
	</marc:record>