
	<marc:record>
		<marc:leader>00541nam a2200169u  4500</marc:leader>
		<marc:controlfield tag="005">20080916152609.0</marc:controlfield>
		<marc:controlfield tag="007">ta</marc:controlfield>
		<marc:controlfield tag="008">080916|||||||||||||||||||||||||||||eng|u</marc:controlfield>
		<marc:datafield tag="020" ind1=" " ind2=" ">
			<marc:subfield code="a">0439101352</marc:subfield>
		</marc:datafield>
		<marc:datafield tag="050" ind1=" " ind2=" ">
			<marc:subfield code="a">YA 36849</marc:subfield>
		</marc:datafield>
		<marc:datafield tag="100" ind1="1" ind2=" ">
			<marc:subfield code="a">Austen, Jane.</marc:subfield>
		</marc:datafield>
		<marc:datafield tag="245" ind1="1" ind2="0">
			<marc:subfield code="a">Pride and prejudice.</marc:subfield>
			<marc:subfield code="c">Jane Austen.</marc:subfield>
		</marc:datafield>
		<marc:datafield tag="260" ind1=" " ind2=" "